@ARTICLE{K98,
       author = {{Kelsall}, T. and {Weiland}, J.~L. and {Franz}, B.~A. and {Reach}, W.~T. and {Arendt}, R.~G. and {Dwek}, E. and {Freudenreich}, H.~T. and {Hauser}, M.~G. and {Moseley}, S.~H. and {Odegard}, N.~P. and {Silverberg}, R.~F. and {Wright}, E.~L.},
        title = "{The COBE Diffuse Infrared Background Experiment Search for the Cosmic Infrared Background. II. Model of the Interplanetary Dust Cloud}",
      journal = {\apj},
     keywords = {COSMOLOGY: OBSERVATIONS, COSMOLOGY: DIFFUSE RADIATION, INFRARED: GENERAL, INFRARED: SOLAR SYSTEM, INTERPLANETARY MEDIUM, Cosmology: Observations, Cosmology: Diffuse Radiation, Infrared: General, Infrared: Solar System, Interplanetary Medium, Astrophysics},
         year = 1998,
        month = nov,
       volume = {508},
       number = {1},
        pages = {44-73},
          doi = {10.1086/306380},
archivePrefix = {arXiv},
       eprint = {astro-ph/9806250},
 primaryClass = {astro-ph},
       adsurl = {https://ui.adsabs.harvard.edu/abs/1998ApJ...508...44K},
      adsnote = {Provided by the SAO/NASA Astrophysics Data System}
}

@ARTICLE{DIRBE,
       author = {{Hauser}, M.~G. and {Arendt}, R.~G. and {Kelsall}, T. and {Dwek}, E. and {Odegard}, N. and {Weiland}, J.~L. and {Freudenreich}, H.~T. and {Reach}, W.~T. and {Silverberg}, R.~F. and {Moseley}, S.~H. and {Pei}, Y.~C. and {Lubin}, P. and {Mather}, J.~C. and {Shafer}, R.~A. and {Smoot}, G.~F. and {Weiss}, R. and {Wilkinson}, D.~T. and {Wright}, E.~L.},
        title = "{The COBE Diffuse Infrared Background Experiment Search for the Cosmic Infrared Background. I. Limits and Detections}",
      journal = {\apj},
     keywords = {COSMOLOGY: OBSERVATIONS, COSMOLOGY: DIFFUSE RADIATION, INFRARED: GENERAL, Cosmology: Observations, Cosmology: Diffuse Radiation, Infrared: General, Astrophysics},
         year = 1998,
        month = nov,
       volume = {508},
       number = {1},
        pages = {25-43},
          doi = {10.1086/306379},
archivePrefix = {arXiv},
       eprint = {astro-ph/9806167},
 primaryClass = {astro-ph},
       adsurl = {https://ui.adsabs.harvard.edu/abs/1998ApJ...508...25H},
      adsnote = {Provided by the SAO/NASA Astrophysics Data System}
}

@ARTICLE{HEALPIX,
   author = {{G{\'o}rski}, K.~M. and {Hivon}, E. and {Banday}, A.~J. and 
	{Wandelt}, B.~D. and {Hansen}, F.~K. and {Reinecke}, M. and 
	{Bartelmann}, M.},
    title = "{HEALPix: A Framework for High-Resolution Discretization and Fast Analysis of Data Distributed on the Sphere}",
  journal = {\apj},
   eprint = {arXiv:astro-ph/0409513},
 keywords = {Cosmology: Cosmic Microwave Background, Cosmology: Observations, Methods: Statistical},
     year = 2005,
    month = apr,
   volume = 622,
    pages = {759-771},
      doi = {10.1086/427976},
   adsurl = {http://adsabs.harvard.edu/abs/2005ApJ...622..759G},
  adsnote = {Provided by the SAO/NASA Astrophysics Data System}
}

@ARTICLE{ZODIPY,
       author = {{San}, M. and {Herman}, D. and {Erikstad}, G.~B. and {Galloway}, M. and {Watts}, D.},
        title = "{COSMOGLOBE: Simulating zodiacal emission with ZodiPy}",
      journal = {\aap},
     keywords = {interplanetary medium, cosmic background radiation, zodiacal dust, Astrophysics - Earth and Planetary Astrophysics, Astrophysics - Instrumentation and Methods for Astrophysics},
         year = 2022,
        month = oct,
       volume = {666},
          eid = {A107},
        pages = {A107},
          doi = {10.1051/0004-6361/202244133},
archivePrefix = {arXiv},
       eprint = {2205.12962},
 primaryClass = {astro-ph.EP},
       adsurl = {https://ui.adsabs.harvard.edu/abs/2022A&A...666A.107S},
      adsnote = {Provided by the SAO/NASA Astrophysics Data System}
}

@ARTICLE{ODEGARD:2007,
       author = {{Odegard}, N. and {Arendt}, R.~G. and {Dwek}, E. and {Haffner}, L.~M. and {Hauser}, M.~G. and {Reynolds}, R.~J.},
        title = "{Determination of the Far-Infrared Cosmic Background Using COBE DIRBE and WHAM Data}",
      journal = {\apj},
     keywords = {Cosmology: Observations, Cosmology: Diffuse Radiation, Galaxy: General, Infrared: ISM, ISM: General, Astrophysics},
         year = 2007,
        month = sep,
       volume = {667},
       number = {1},
        pages = {11-25},
          doi = {10.1086/520079},
archivePrefix = {arXiv},
       eprint = {0705.3966},
 primaryClass = {astro-ph},
       adsurl = {https://ui.adsabs.harvard.edu/abs/2007ApJ...667...11O},
      adsnote = {Provided by the SAO/NASA Astrophysics Data System}
}
