@ARTICLE{K98,
       author = {{Kelsall}, T. and {Weiland}, J.~L. and {Franz}, B.~A. and {Reach}, W.~T. and {Arendt}, R.~G. and {Dwek}, E. and {Freudenreich}, H.~T. and {Hauser}, M.~G. and {Moseley}, S.~H. and {Odegard}, N.~P. and {Silverberg}, R.~F. and {Wright}, E.~L.},
        title = "{The COBE Diffuse Infrared Background Experiment Search for the Cosmic Infrared Background. II. Model of the Interplanetary Dust Cloud}",
      journal = {\apj},
     keywords = {COSMOLOGY: OBSERVATIONS, COSMOLOGY: DIFFUSE RADIATION, INFRARED: GENERAL, INFRARED: SOLAR SYSTEM, INTERPLANETARY MEDIUM, Cosmology: Observations, Cosmology: Diffuse Radiation, Infrared: General, Infrared: Solar System, Interplanetary Medium, Astrophysics},
         year = 1998,
        month = nov,
       volume = {508},
       number = {1},
        pages = {44-73},
          doi = {10.1086/306380},
archivePrefix = {arXiv},
       eprint = {astro-ph/9806250},
 primaryClass = {astro-ph},
       adsurl = {https://ui.adsabs.harvard.edu/abs/1998ApJ...508...44K},
      adsnote = {Provided by the SAO/NASA Astrophysics Data System}
}

@ARTICLE{HEALPIX,
   author = {{G{\'o}rski}, K.~M. and {Hivon}, E. and {Banday}, A.~J. and 
	{Wandelt}, B.~D. and {Hansen}, F.~K. and {Reinecke}, M. and 
	{Bartelmann}, M.},
    title = "{HEALPix: A Framework for High-Resolution Discretization and Fast Analysis of Data Distributed on the Sphere}",
  journal = {\apj},
   eprint = {arXiv:astro-ph/0409513},
 keywords = {Cosmology: Cosmic Microwave Background, Cosmology: Observations, Methods: Statistical},
     year = 2005,
    month = apr,
   volume = 622,
    pages = {759-771},
      doi = {10.1086/427976},
   adsurl = {http://adsabs.harvard.edu/abs/2005ApJ...622..759G},
  adsnote = {Provided by the SAO/NASA Astrophysics Data System}
}

@ARTICLE{ZODIPY,
       author = {{San}, M. and {Herman}, D. and {Erikstad}, G.~B. and {Galloway}, M. and {Watts}, D.},
        title = "{COSMOGLOBE: Simulating zodiacal emission with ZodiPy}",
      journal = {\aap},
     keywords = {interplanetary medium, cosmic background radiation, zodiacal dust, Astrophysics - Earth and Planetary Astrophysics, Astrophysics - Instrumentation and Methods for Astrophysics},
         year = 2022,
        month = oct,
       volume = {666},
          eid = {A107},
        pages = {A107},
          doi = {10.1051/0004-6361/202244133},
archivePrefix = {arXiv},
       eprint = {2205.12962},
 primaryClass = {astro-ph.EP},
       adsurl = {https://ui.adsabs.harvard.edu/abs/2022A&A...666A.107S},
      adsnote = {Provided by the SAO/NASA Astrophysics Data System}
}

@article{leinert1998,
	author = {{Leinert, Ch.} and {Bowyer, S.} and {Haikala, L. K.} and {Hanner, M. S.} and {Hauser, M. G.} and {Levasseur-Regourd, A.-Ch.} and {Mann, I.} and {Mattila, K.} and {Reach, W. T.} and {Schlosser, W.} and {Staude, H. J.} and {Toller, G. N.} and {Weiland, J. L.} and {Weinberg, J. L.} and {Witt, A. N.}},
	doi = {10.1051/aas:1998105},
	journal = {Astron. Astrophys. Suppl. Ser.},
	number = 1,
	pages = {1-99},
	title = {The 1997 reference of diffuse night sky brightness *},
	url = {https://doi.org/10.1051/aas:1998105},
	volume = 127,
	year = 1998,
	bdsk-url-1 = {https://doi.org/10.1051/aas:1998105}}

@BOOK{CASSINI,
       author = {{Cassini}, Giovanni Domenico},
        title = "{D{\'e}couverte de la lumi{\`e}re celeste qui paroist dans le zodiaque}",
         year = 1685,
          doi = {10.3931/e-rara-7552},
       adsurl = {https://ui.adsabs.harvard.edu/abs/1685ddll.book.....C},
      adsnote = {Provided by the SAO/NASA Astrophysics Data System}
}

@ARTICLE{mather:1994,
   author = {{Mather}, J.~C. and {Cheng}, E.~S. and {Cottingham}, D.~A. and
        {Eplee}, Jr., R.~E. and {Fixsen}, D.~J. and {Hewagama}, T. and
        {Isaacman}, R.~B. and {Jensen}, K.~A. and {Meyer}, S.~S. and
        {Noerdlinger}, P.~D. and {Read}, S.~M. and {Rosen}, L.~P. and
        {Shafer}, R.~A. and {Wright}, E.~L. and {Bennett}, C.~L. and
        {Boggess}, N.~W. and {Hauser}, M.~G. and {Kelsall}, T. and {Moseley}, Jr., S.~H. and
        {Silverberg}, R.~F. and {Smoot}, G.~F. and {Weiss}, R. and {Wilkinson}, D.~T.
        },
    title = "{Measurement of the cosmic microwave background spectrum by the COBE FIRAS instrument}",
  journal = {\apj},
 keywords = {Background Radiation, Cosmic Rays, Cosmology, Far Infrared Radiation, Infrared Spectrophotometers, Microwave Spectra, Universe, Black Body Radiation, Brightness Distribution, Calibrating, Cosmic Background Explorer Satellite, Data Processing, Error Analysis, Red Shift},
     year = 1994,
    month = jan,
   volume = 420,
    pages = {439-444},
      doi = {10.1086/173574},
   adsurl = {https://ui.adsabs.harvard.edu/abs/1994ApJ...420..439M},
  adsnote = {Provided by the SAO/NASA Astrophysics Data System}
}

@ARTICLE{hauser:1998,
       author = {{Hauser}, M.~G. and {Arendt}, R.~G. and {Kelsall}, T. and {Dwek}, E. and
         {Odegard}, N. and {Weiland}, J.~L. and {Freudenreich}, H.~T. and
         {Reach}, W.~T. and {Silverberg}, R.~F. and {Moseley}, S.~H. and
         {Pei}, Y.~C. and {Lubin}, P. and {Mather}, J.~C. and {Shafer}, R.~A. and
         {Smoot}, G.~F. and {Weiss}, R. and {Wilkinson}, D.~T. and
         {Wright}, E.~L.},
        title = "{The COBE Diffuse Infrared Background Experiment Search for the Cosmic Infrared Background. I. Limits and Detections}",
      journal = {\apj},
     keywords = {COSMOLOGY: OBSERVATIONS, COSMOLOGY: DIFFUSE RADIATION, INFRARED: GENERAL, Cosmology: Observations, Cosmology: Diffuse Radiation, Infrared: General, Astrophysics},
         year = "1998",
        month = "Nov",
       volume = {508},
       number = {1},
        pages = {25-43},
          doi = {10.1086/306379},
archivePrefix = {arXiv},
       eprint = {astro-ph/9806167},
 primaryClass = {astro-ph},
       adsurl = {https://ui.adsabs.harvard.edu/abs/1998ApJ...508...25H},
      adsnote = {Provided by the SAO/NASA Astrophysics Data System}
}


@ARTICLE{PLANCK2013,
       author = {{Planck Collaboration} and {Ade}, P.~A.~R. and {Aghanim}, N. and {Armitage-Caplan}, C. and {Arnaud}, M. and {Ashdown}, M. and {Atrio-Barandela}, F. and {Aumont}, J. and {Baccigalupi}, C. and {Banday}, A.~J. and {Barreiro}, R.~B. and {Bartlett}, J.~G. and {Battaner}, E. and {Benabed}, K. and {Beno{\^\i}t}, A. and {Benoit-L{\'e}vy}, A. and {Bernard}, J. -P. and {Bersanelli}, M. and {Bielewicz}, P. and {Bobin}, J. and {Bock}, J.~J. and {Bonaldi}, A. and {Bond}, J.~R. and {Borrill}, J. and {Bouchet}, F.~R. and {Boulanger}, F. and {Bridges}, M. and {Bucher}, M. and {Burigana}, C. and {Butler}, R.~C. and {Cardoso}, J. -F. and {Catalano}, A. and {Chamballu}, A. and {Chary}, R. -R. and {Chen}, X. and {Chiang}, H.~C. and {Chiang}, L. -Y. and {Christensen}, P.~R. and {Church}, S. and {Clements}, D.~L. and {Colley}, J. -M. and {Colombi}, S. and {Colombo}, L.~P.~L. and {Couchot}, F. and {Coulais}, A. and {Crill}, B.~P. and {Curto}, A. and {Cuttaia}, F. and {Danese}, L. and {Davies}, R.~D. and {de Bernardis}, P. and {de Rosa}, A. and {de Zotti}, G. and {Delabrouille}, J. and {Delouis}, J. -M. and {D{\'e}sert}, F. -X. and {Dickinson}, C. and {Diego}, J.~M. and {Dole}, H. and {Donzelli}, S. and {Dor{\'e}}, O. and {Douspis}, M. and {Dupac}, X. and {Efstathiou}, G. and {En{\ss}lin}, T.~A. and {Eriksen}, H.~K. and {Finelli}, F. and {Forni}, O. and {Frailis}, M. and {Fraisse}, A.~A. and {Franceschi}, E. and {Galeotta}, S. and {Ganga}, K. and {Giard}, M. and {Giraud-H{\'e}raud}, Y. and {Gonz{\'a}lez-Nuevo}, J. and {G{\'o}rski}, K.~M. and {Gratton}, S. and {Gregorio}, A. and {Gruppuso}, A. and {Hansen}, F.~K. and {Hanson}, D. and {Harrison}, D. and {Helou}, G. and {Henrot-Versill{\'e}}, S. and {Hern{\'a}ndez-Monteagudo}, C. and {Herranz}, D. and {Hildebrandt}, S.~R. and {Hivon}, E. and {Hobson}, M. and {Holmes}, W.~A. and {Hornstrup}, A. and {Hovest}, W. and {Huffenberger}, K.~M. and {Jaffe}, A.~H. and {Jaffe}, T.~R. and {Jones}, W.~C. and {Juvela}, M. and {Keih{\"a}nen}, E. and {Keskitalo}, R. and {Kisner}, T.~S. and {Kneissl}, R. and {Knoche}, J. and {Knox}, L. and {Kunz}, M. and {Kurki-Suonio}, H. and {Lagache}, G. and {L{\"a}hteenm{\"a}ki}, A. and {Lamarre}, J. -M. and {Lasenby}, A. and {Laureijs}, R.~J. and {Lawrence}, C.~R. and {Leonardi}, R. and {Lesgourgues}, J. and {Liguori}, M. and {Lilje}, P.~B. and {Linden-V{\o}rnle}, M. and {L{\'o}pez-Caniego}, M. and {Lubin}, P.~M. and {Mac{\'\i}as-P{\'e}rez}, J.~F. and {Maffei}, B. and {Maino}, D. and {Mandolesi}, N. and {Maris}, M. and {Marshall}, D.~J. and {Martin}, P.~G. and {Mart{\'\i}nez-Gonz{\'a}lez}, E. and {Masi}, S. and {Massardi}, M. and {Matarrese}, S. and {Matthai}, F. and {Mazzotta}, P. and {Meinhold}, P.~R. and {Melchiorri}, A. and {Mendes}, L. and {Mennella}, A. and {Migliaccio}, M. and {Mitra}, S. and {Miville-Desch{\^e}nes}, M. -A. and {Moneti}, A. and {Montier}, L. and {Morgante}, G. and {Mortlock}, D. and {Mottet}, S. and {Munshi}, D. and {Murphy}, J.~A. and {Naselsky}, P. and {Nati}, F. and {Natoli}, P. and {Netterfield}, C.~B. and {N{\o}rgaard-Nielsen}, H.~U. and {Noviello}, F. and {Novikov}, D. and {Novikov}, I. and {Osborne}, S. and {O'Sullivan}, C. and {Oxborrow}, C.~A. and {Paci}, F. and {Pagano}, L. and {Pajot}, F. and {Paladini}, R. and {Paoletti}, D. and {Pasian}, F. and {Patanchon}, G. and {Perdereau}, O. and {Perotto}, L. and {Perrotta}, F. and {Piacentini}, F. and {Piat}, M. and {Pierpaoli}, E. and {Pietrobon}, D. and {Plaszczynski}, S. and {Pointecouteau}, E. and {Polegre}, A.~M. and {Polenta}, G. and {Ponthieu}, N. and {Popa}, L. and {Poutanen}, T. and {Pratt}, G.~W. and {Pr{\'e}zeau}, G. and {Prunet}, S. and {Puget}, J. -L. and {Rachen}, J.~P. and {Reach}, W.~T. and {Rebolo}, R. and {Reinecke}, M. and {Remazeilles}, M. and {Renault}, C. and {Ricciardi}, S. and {Riller}, T. and {Ristorcelli}, I. and {Rocha}, G. and {Rosset}, C. and {Roudier}, G. and {Rowan-Robinson}, M. and {Rusholme}, B. and {Sandri}, M. and {Santos}, D. and {Savini}, G. and {Scott}, D. and {Seiffert}, M.~D. and {Shellard}, E.~P.~S. and {Smoot}, G.~F. and {Spencer}, L.~D. and {Starck}, J. -L. and {Stolyarov}, V. and {Stompor}, R. and {Sudiwala}, R. and {Sureau}, F. and {Sutton}, D. and {Suur-Uski}, A. -S. and {Sygnet}, J. -F. and {Tauber}, J.~A. and {Tavagnacco}, D. and {Terenzi}, L. and {Toffolatti}, L. and {Tomasi}, M. and {Tristram}, M. and {Tucci}, M. and {Tuovinen}, J. and {Umana}, G. and {Valenziano}, L. and {Valiviita}, J. and {Van Tent}, B. and {Vielva}, P. and {Villa}, F. and {Vittorio}, N. and {Wade}, L.~A. and {Wandelt}, B.~D. and {Yvon}, D. and {Zacchei}, A. and {Zonca}, A.},
        title = "{Planck 2013 results. XIV. Zodiacal emission}",
      journal = {\aap},
     keywords = {zodiacal dust, interplanetary medium, cosmic background radiation, Astrophysics - Cosmology and Nongalactic Astrophysics},
         year = 2014,
        month = nov,
       volume = {571},
          eid = {A14},
        pages = {A14},
          doi = {10.1051/0004-6361/201321562},
archivePrefix = {arXiv},
       eprint = {1303.5074},
 primaryClass = {astro-ph.CO},
       adsurl = {https://ui.adsabs.harvard.edu/abs/2014A&A...571A..14P},
      adsnote = {Provided by the SAO/NASA Astrophysics Data System}
}


@ARTICLE{PLANCK2015,
       author = {{Planck Collaboration} and {Adam}, R. and {Ade}, P.~A.~R. and {Aghanim}, N. and {Arnaud}, M. and {Ashdown}, M. and {Aumont}, J. and {Baccigalupi}, C. and {Banday}, A.~J. and {Barreiro}, R.~B. and {Bartolo}, N. and {Battaner}, E. and {Benabed}, K. and {Beno{\^\i}t}, A. and {Benoit-L{\'e}vy}, A. and {Bernard}, J. -P. and {Bersanelli}, M. and {Bertincourt}, B. and {Bielewicz}, P. and {Bock}, J.~J. and {Bonavera}, L. and {Bond}, J.~R. and {Borrill}, J. and {Bouchet}, F.~R. and {Boulanger}, F. and {Bucher}, M. and {Burigana}, C. and {Calabrese}, E. and {Cardoso}, J. -F. and {Catalano}, A. and {Challinor}, A. and {Chamballu}, A. and {Chiang}, H.~C. and {Christensen}, P.~R. and {Clements}, D.~L. and {Colombi}, S. and {Colombo}, L.~P.~L. and {Combet}, C. and {Couchot}, F. and {Coulais}, A. and {Crill}, B.~P. and {Curto}, A. and {Cuttaia}, F. and {Danese}, L. and {Davies}, R.~D. and {Davis}, R.~J. and {de Bernardis}, P. and {de Rosa}, A. and {de Zotti}, G. and {Delabrouille}, J. and {Delouis}, J. -M. and {D{\'e}sert}, F. -X. and {Diego}, J.~M. and {Dole}, H. and {Donzelli}, S. and {Dor{\'e}}, O. and {Douspis}, M. and {Ducout}, A. and {Dupac}, X. and {Efstathiou}, G. and {Elsner}, F. and {En{\ss}lin}, T.~A. and {Eriksen}, H.~K. and {Falgarone}, E. and {Fergusson}, J. and {Finelli}, F. and {Forni}, O. and {Frailis}, M. and {Fraisse}, A.~A. and {Franceschi}, E. and {Frejsel}, A. and {Galeotta}, S. and {Galli}, S. and {Ganga}, K. and {Ghosh}, T. and {Giard}, M. and {Giraud-H{\'e}raud}, Y. and {Gjerl{\o}w}, E. and {Gonz{\'a}lez-Nuevo}, J. and {G{\'o}rski}, K.~M. and {Gratton}, S. and {Gruppuso}, A. and {Gudmundsson}, J.~E. and {Hansen}, F.~K. and {Hanson}, D. and {Harrison}, D.~L. and {Henrot-Versill{\'e}}, S. and {Herranz}, D. and {Hildebrandt}, S.~R. and {Hivon}, E. and {Hobson}, M. and {Holmes}, W.~A. and {Hornstrup}, A. and {Hovest}, W. and {Huffenberger}, K.~M. and {Hurier}, G. and {Jaffe}, A.~H. and {Jaffe}, T.~R. and {Jones}, W.~C. and {Juvela}, M. and {Keih{\"a}nen}, E. and {Keskitalo}, R. and {Kisner}, T.~S. and {Kneissl}, R. and {Knoche}, J. and {Kunz}, M. and {Kurki-Suonio}, H. and {Lagache}, G. and {Lamarre}, J. -M. and {Lasenby}, A. and {Lattanzi}, M. and {Lawrence}, C.~R. and {Le Jeune}, M. and {Leahy}, J.~P. and {Lellouch}, E. and {Leonardi}, R. and {Lesgourgues}, J. and {Levrier}, F. and {Liguori}, M. and {Lilje}, P.~B. and {Linden-V{\o}rnle}, M. and {L{\'o}pez-Caniego}, M. and {Lubin}, P.~M. and {Mac{\'\i}as-P{\'e}rez}, J.~F. and {Maggio}, G. and {Maino}, D. and {Mandolesi}, N. and {Mangilli}, A. and {Maris}, M. and {Martin}, P.~G. and {Mart{\'\i}nez-Gonz{\'a}lez}, E. and {Masi}, S. and {Matarrese}, S. and {McGehee}, P. and {Melchiorri}, A. and {Mendes}, L. and {Mennella}, A. and {Migliaccio}, M. and {Mitra}, S. and {Miville-Desch{\^e}nes}, M. -A. and {Moneti}, A. and {Montier}, L. and {Moreno}, R. and {Morgante}, G. and {Mortlock}, D. and {Moss}, A. and {Mottet}, S. and {Munshi}, D. and {Murphy}, J.~A. and {Naselsky}, P. and {Nati}, F. and {Natoli}, P. and {Netterfield}, C.~B. and {N{\o}rgaard-Nielsen}, H.~U. and {Noviello}, F. and {Novikov}, D. and {Novikov}, I. and {Oxborrow}, C.~A. and {Paci}, F. and {Pagano}, L. and {Pajot}, F. and {Paoletti}, D. and {Pasian}, F. and {Patanchon}, G. and {Pearson}, T.~J. and {Perdereau}, O. and {Perotto}, L. and {Perrotta}, F. and {Pettorino}, V. and {Piacentini}, F. and {Piat}, M. and {Pierpaoli}, E. and {Pietrobon}, D. and {Plaszczynski}, S. and {Pointecouteau}, E. and {Polenta}, G. and {Pratt}, G.~W. and {Pr{\'e}zeau}, G. and {Prunet}, S. and {Puget}, J. -L. and {Rachen}, J.~P. and {Reinecke}, M. and {Remazeilles}, M. and {Renault}, C. and {Renzi}, A. and {Ristorcelli}, I. and {Rocha}, G. and {Rosset}, C. and {Rossetti}, M. and {Roudier}, G. and {Rusholme}, B. and {Sandri}, M. and {Santos}, D. and {Sauv{\'e}}, A. and {Savelainen}, M. and {Savini}, G. and {Scott}, D. and {Seiffert}, M.~D. and {Shellard}, E.~P.~S. and {Spencer}, L.~D. and {Stolyarov}, V. and {Stompor}, R. and {Sudiwala}, R. and {Sutton}, D. and {Suur-Uski}, A. -S. and {Sygnet}, J. -F. and {Tauber}, J.~A. and {Terenzi}, L. and {Toffolatti}, L. and {Tomasi}, M. and {Tristram}, M. and {Tucci}, M. and {Tuovinen}, J. and {Valenziano}, L. and {Valiviita}, J. and {Van Tent}, B. and {Vibert}, L. and {Vielva}, P. and {Villa}, F. and {Wade}, L.~A. and {Wandelt}, B.~D. and {Watson}, R. and {Wehus}, I.~K. and {Yvon}, D. and {Zacchei}, A. and {Zonca}, A.},
        title = "{Planck 2015 results. VIII. High Frequency Instrument data processing: Calibration and maps}",
      journal = {\aap},
     keywords = {cosmology: observations, cosmic background radiation, surveys, methods: data analysis, Astrophysics - Cosmology and Nongalactic Astrophysics, Astrophysics - Instrumentation and Methods for Astrophysics},
         year = 2016,
        month = sep,
       volume = {594},
          eid = {A8},
        pages = {A8},
          doi = {10.1051/0004-6361/201525820},
archivePrefix = {arXiv},
       eprint = {1502.01587},
 primaryClass = {astro-ph.CO},
       adsurl = {https://ui.adsabs.harvard.edu/abs/2016A&A...594A...8P},
      adsnote = {Provided by the SAO/NASA Astrophysics Data System}
}

@ARTICLE{PLANCK2018,
       author = {{Planck Collaboration} and {Aghanim}, N. and {Akrami}, Y. and {Ashdown}, M. and {Aumont}, J. and {Baccigalupi}, C. and {Ballardini}, M. and {Banday}, A.~J. and {Barreiro}, R.~B. and {Bartolo}, N. and {Basak}, S. and {Benabed}, K. and {Bernard}, J. -P. and {Bersanelli}, M. and {Bielewicz}, P. and {Bond}, J.~R. and {Borrill}, J. and {Bouchet}, F.~R. and {Boulanger}, F. and {Bucher}, M. and {Burigana}, C. and {Calabrese}, E. and {Cardoso}, J. -F. and {Carron}, J. and {Challinor}, A. and {Chiang}, H.~C. and {Colombo}, L.~P.~L. and {Combet}, C. and {Couchot}, F. and {Crill}, B.~P. and {Cuttaia}, F. and {de Bernardis}, P. and {de Rosa}, A. and {de Zotti}, G. and {Delabrouille}, J. and {Delouis}, J. -M. and {Di Valentino}, E. and {Diego}, J.~M. and {Dor{\'e}}, O. and {Douspis}, M. and {Ducout}, A. and {Dupac}, X. and {Efstathiou}, G. and {Elsner}, F. and {En{\ss}lin}, T.~A. and {Eriksen}, H.~K. and {Falgarone}, E. and {Fantaye}, Y. and {Finelli}, F. and {Frailis}, M. and {Fraisse}, A.~A. and {Franceschi}, E. and {Frolov}, A. and {Galeotta}, S. and {Galli}, S. and {Ganga}, K. and {G{\'e}nova-Santos}, R.~T. and {Gerbino}, M. and {Ghosh}, T. and {Gonz{\'a}lez-Nuevo}, J. and {G{\'o}rski}, K.~M. and {Gratton}, S. and {Gruppuso}, A. and {Gudmundsson}, J.~E. and {Handley}, W. and {Hansen}, F.~K. and {Henrot-Versill{\'e}}, S. and {Herranz}, D. and {Hivon}, E. and {Huang}, Z. and {Jaffe}, A.~H. and {Jones}, W.~C. and {Karakci}, A. and {Keih{\"a}nen}, E. and {Keskitalo}, R. and {Kiiveri}, K. and {Kim}, J. and {Kisner}, T.~S. and {Krachmalnicoff}, N. and {Kunz}, M. and {Kurki-Suonio}, H. and {Lagache}, G. and {Lamarre}, J. -M. and {Lasenby}, A. and {Lattanzi}, M. and {Lawrence}, C.~R. and {Levrier}, F. and {Liguori}, M. and {Lilje}, P.~B. and {Lindholm}, V. and {L{\'o}pez-Caniego}, M. and {Ma}, Y. -Z. and {Mac{\'\i}as-P{\'e}rez}, J.~F. and {Maggio}, G. and {Maino}, D. and {Mandolesi}, N. and {Mangilli}, A. and {Martin}, P.~G. and {Mart{\'\i}nez-Gonz{\'a}lez}, E. and {Matarrese}, S. and {Mauri}, N. and {McEwen}, J.~D. and {Melchiorri}, A. and {Mennella}, A. and {Migliaccio}, M. and {Miville-Desch{\^e}nes}, M. -A. and {Molinari}, D. and {Moneti}, A. and {Montier}, L. and {Morgante}, G. and {Moss}, A. and {Mottet}, S. and {Natoli}, P. and {Pagano}, L. and {Paoletti}, D. and {Partridge}, B. and {Patanchon}, G. and {Patrizii}, L. and {Perdereau}, O. and {Perrotta}, F. and {Pettorino}, V. and {Piacentini}, F. and {Puget}, J. -L. and {Rachen}, J.~P. and {Reinecke}, M. and {Remazeilles}, M. and {Renzi}, A. and {Rocha}, G. and {Roudier}, G. and {Salvati}, L. and {Sandri}, M. and {Savelainen}, M. and {Scott}, D. and {Sirignano}, C. and {Sirri}, G. and {Spencer}, L.~D. and {Sunyaev}, R. and {Suur-Uski}, A. -S. and {Tauber}, J.~A. and {Tavagnacco}, D. and {Tenti}, M. and {Toffolatti}, L. and {Tomasi}, M. and {Tristram}, M. and {Trombetti}, T. and {Valiviita}, J. and {Vansyngel}, F. and {Van Tent}, B. and {Vibert}, L. and {Vielva}, P. and {Villa}, F. and {Vittorio}, N. and {Wandelt}, B.~D. and {Wehus}, I.~K. and {Zonca}, A.},
        title = "{Planck 2018 results. III. High Frequency Instrument data processing and frequency maps}",
      journal = {\aap},
     keywords = {cosmology: observations, cosmic background radiation, surveys, methods: data analysis, Astrophysics - Cosmology and Nongalactic Astrophysics},
         year = 2020,
        month = sep,
       volume = {641},
          eid = {A3},
        pages = {A3},
          doi = {10.1051/0004-6361/201832909},
archivePrefix = {arXiv},
       eprint = {1807.06207},
 primaryClass = {astro-ph.CO},
       adsurl = {https://ui.adsabs.harvard.edu/abs/2020A&A...641A...3P},
      adsnote = {Provided by the SAO/NASA Astrophysics Data System}
}

@ARTICLE{RRM,
       author = {{Rowan-Robinson}, M. and {May}, B.},
        title = "{An improved model for the infrared emission from the zodiacal dust cloud: cometary, asteroidal and interstellar dust}",
      journal = {\mnras},
     keywords = {zodiacal dust, interplanetary medium, planetary systems, Astrophysics - Earth and Planetary Astrophysics},
         year = 2013,
        month = mar,
       volume = {429},
       number = {4},
        pages = {2894-2902},
          doi = {10.1093/mnras/sts471},
archivePrefix = {arXiv},
       eprint = {1212.4759},
 primaryClass = {astro-ph.EP},
       adsurl = {https://ui.adsabs.harvard.edu/abs/2013MNRAS.429.2894R},
      adsnote = {Provided by the SAO/NASA Astrophysics Data System}
}

