@ARTICLE{K98,
       author = {{Kelsall}, T. and {Weiland}, J.~L. and {Franz}, B.~A. and {Reach}, W.~T. and {Arendt}, R.~G. and {Dwek}, E. and {Freudenreich}, H.~T. and {Hauser}, M.~G. and {Moseley}, S.~H. and {Odegard}, N.~P. and {Silverberg}, R.~F. and {Wright}, E.~L.},
        title = "{The COBE Diffuse Infrared Background Experiment Search for the Cosmic Infrared Background. II. Model of the Interplanetary Dust Cloud}",
      journal = {\apj},
     keywords = {COSMOLOGY: OBSERVATIONS, COSMOLOGY: DIFFUSE RADIATION, INFRARED: GENERAL, INFRARED: SOLAR SYSTEM, INTERPLANETARY MEDIUM, Cosmology: Observations, Cosmology: Diffuse Radiation, Infrared: General, Infrared: Solar System, Interplanetary Medium, Astrophysics},
         year = 1998,
        month = nov,
       volume = {508},
       number = {1},
        pages = {44-73},
          doi = {10.1086/306380},
archivePrefix = {arXiv},
       eprint = {astro-ph/9806250},
 primaryClass = {astro-ph},
       adsurl = {https://ui.adsabs.harvard.edu/abs/1998ApJ...508...44K},
      adsnote = {Provided by the SAO/NASA Astrophysics Data System}
}
