@article{de_Gasperis_2005,
   title={ROMA: A map-making algorithm for polarised CMB data sets},
   volume={436},
   ISSN={1432-0746},
   url={http://dx.doi.org/10.1051/0004-6361:20042512},
   DOI={10.1051/0004-6361:20042512},
   number={3},
   journal={Astronomy \& Astrophysics},
   publisher={EDP Sciences},
   author={de Gasperis, G. and Balbi, A. and Cabella, P. and Natoli, P. and Vittorio, N.},
   year={2005},
   month=jun, pages={1159–1165} }


@ARTICLE{spurious,
       author = {{Jarosik}, N. and {Barnes}, C. and {Greason}, M.~R. and {Hill}, R.~S. and {Nolta}, M.~R. and {Odegard}, N. and {Weiland}, J.~L. and {Bean}, R. and {Bennett}, C.~L. and {Dor{\'e}}, O. and {Halpern}, M. and {Hinshaw}, G. and {Kogut}, A. and {Komatsu}, E. and {Limon}, M. and {Meyer}, S.~S. and {Page}, L. and {Spergel}, D.~N. and {Tucker}, G.~S. and {Wollack}, E. and {Wright}, E.~L.},
        title = "{Three-Year Wilkinson Microwave Anisotropy Probe (WMAP) Observations: Beam Profiles, Data Processing, Radiometer Characterization, and Systematic Error Limits}",
      journal = {ApJ Supplements},
     keywords = {Cosmology: Cosmic Microwave Background, Instrumentation: Detectors, Space Vehicles: Instruments, Astrophysics},
         year = 2007,
        month = jun,
       volume = {170},
       number = {2},
        pages = {263-287},
          doi = {10.1086/513697},
archivePrefix = {arXiv},
       eprint = {astro-ph/0603452},
 primaryClass = {astro-ph},
       adsurl = {https://ui.adsabs.harvard.edu/abs/2007ApJS..170..263J},
      adsnote = {Provided by the SAO/NASA Astrophysics Data System}
}

@article{gibbs,
author = {Geman, Stuart and Geman, Donald},
year = {1984},
month = {11},
pages = {721-741},
title = {Geman, D.: Stochastic relaxation, Gibbs distribution, and the Bayesian restoration of images. IEEE Trans. Pattern Anal. Mach. Intell. PAMI-6(6), 721-741},
volume = {6},
journal = {IEEE Trans. Pattern Anal. Mach. Intell.},
doi = {10.1109/TPAMI.1984.4767596}
}

@article{ lfi2013,
	author = {{Planck Collaboration} and {Aghanim, N.} and {Armitage-Caplan, C.} and {Arnaud, M.} and {Ashdown, M.} and {Atrio-Barandela, F.} and {Aumont, J.} and {Baccigalupi, C.} and {Banday, A. J.} and {Barreiro, R. B.} and {Battaner, E.} and {Benabed, K.} and {Benoît, A.} and {Benoit-Lévy, A.} and {Bernard, J.-P.} and {Bersanelli, M.} and {Bielewicz, P.} and {Bobin, J.} and {Bock, J. J.} and {Bonaldi, A.} and {Bonavera, L.} and {Bond, J. R.} and {Borrill, J.} and {Bouchet, F. R.} and {Bridges, M.} and {Bucher, M.} and {Burigana, C.} and {Butler, R. C.} and {Cappellini, B.} and {Cardoso, J.-F.} and {Catalano, A.} and {Chamballu, A.} and {Chen, X.} and {Chiang, L.-Y} and {Christensen, P. R.} and {Church, S.} and {Colombi, S.} and {Colombo, L. P. L.} and {Crill, B. P.} and {Cruz, M.} and {Curto, A.} and {Cuttaia, F.} and {Danese, L.} and {Davies, R. D.} and {Davis, R. J.} and {de Bernardis, P.} and {de Rosa, A.} and {de Zotti, G.} and {Delabrouille, J.} and {Dickinson, C.} and {Diego, J. M.} and {Dole, H.} and {Donzelli, S.} and {Doré, O.} and {Douspis, M.} and {Dupac, X.} and {Efstathiou, G.} and {Enßlin, T. A.} and {Eriksen, H. K.} and {Falvella, M. C.} and {Finelli, F.} and {Forni, O.} and {Frailis, M.} and {Franceschi, E.} and {Gaier, T. C.} and {Galeotta, S.} and {Ganga, K.} and {Giard, M.} and {Giardino, G.} and {Giraud-Héraud, Y.} and {Gjerløw, E.} and {González-Nuevo, J.} and {Górski, K. M.} and {Gratton, S.} and {Gregorio, A.} and {Gruppuso, A.} and {Hansen, F. K.} and {Hanson, D.} and {Harrison, D.} and {Henrot-Versillé, S.} and {Hernández-Monteagudo, C.} and {Herranz, D.} and {Hildebrandt, S. R.} and {Hivon, E.} and {Hobson, M.} and {Holmes, W. A.} and {Hornstrup, A.} and {Hovest, W.} and {Huffenberger, K. M.} and {Jaffe, A. H.} and {Jaffe, T. R.} and {Jewell, J.} and {Jones, W. C.} and {Juvela, M.} and {Kangaslahti, P.} and {Keihänen, E.} and {Keskitalo, R.} and {Kiiveri, K.} and {Kisner, T. S.} and {Knoche, J.} and {Knox, L.} and {Kunz, M.} and {Kurki-Suonio, H.} and {Lagache, G.} and {Lähteenmäki, A.} and {Lamarre, J.-M.} and {Lasenby, A.} and {Lattanzi, M.} and {Laureijs, R. J.} and {Lawrence, C. R.} and {Leach, S.} and {Leahy, J. P.} and {Leonardi, R.} and {Lesgourgues, J.} and {Liguori, M.} and {Lilje, P. B.} and {Linden-Vørnle, M.} and {Lindholm, V.} and {López-Caniego, M.} and {Lubin, P. M.} and {Macías-Pérez, J. F.} and {Maggio, G.} and {Maino, D.} and {Mandolesi, N.} and {Maris, M.} and {Marshall, D. J.} and {Martin, P. G.} and {Martínez-González, E.} and {Masi, S.} and {Massardi, M.} and {Matarrese, S.} and {Matthai, F.} and {Mazzotta, P.} and {Meinhold, P. R.} and {Melchiorri, A.} and {Mendes, L.} and {Mennella, A.} and {Migliaccio, M.} and {Mitra, S.} and {Moneti, A.} and {Montier, L.} and {Morgante, G.} and {Morisset, N.} and {Mortlock, D.} and {Moss, A.} and {Munshi, D.} and {Naselsky, P.} and {Natoli, P.} and {Netterfield, C. B.} and {Nørgaard-Nielsen, H. U.} and {Novikov, D.} and {Novikov, I.} and {O’Dwyer, I. J.} and {Osborne, S.} and {Paci, F.} and {Pagano, L.} and {Paladini, R.} and {Paoletti, D.} and {Partridge, B.} and {Pasian, F.} and {Patanchon, G.} and {Peel, M.} and {Perdereau, O.} and {Perotto, L.} and {Perrotta, F.} and {Pierpaoli, E.} and {Pietrobon, D.} and {Plaszczynski, S.} and {Platania, P.} and {Pointecouteau, E.} and {Polenta, G.} and {Ponthieu, N.} and {Popa, L.} and {Poutanen, T.} and {Pratt, G. W.} and {Prézeau, G.} and {Prunet, S.} and {Puget, J.-L.} and {Rachen, J. P.} and {Reach, W. T.} and {Rebolo, R.} and {Reinecke, M.} and {Remazeilles, M.} and {Ricciardi, S.} and {Riller, T.} and {Robbers, G.} and {Rocha, G.} and {Rosset, C.} and {Rossetti, M.} and {Roudier, G.} and {Rubiño-Martín, J. A.} and {Rusholme, B.} and {Salerno, E.} and {Sandri, M.} and {Santos, D.} and {Scott, D.} and {Seiffert, M. D.} and {Shellard, E. P. S.} and {Spencer, L. D.} and {Starck, J.-L.} and {Stolyarov, V.} and {Stompor, R.} and {Sureau, F.} and {Sutton, D.} and {Suur-Uski, A.-S.} and {Sygnet, J.-F.} and {Tauber, J. A.} and {Tavagnacco, D.} and {Terenzi, L.} and {Toffolatti, L.} and {Tomasi, M.} and {Tristram, M.} and {Tucci, M.} and {Tuovinen, J.} and {Türler, M.} and {Umana, G.} and {Valenziano, L.} and {Valiviita, J.} and {Van Tent, B.} and {Varis, J.} and {Vielva, P.} and {Villa, F.} and {Vittorio, N.} and {Wade, L. A.} and {Wandelt, B. D.} and {Watson, R.} and {Wehus, I. K.} and {White, S. D. M.} and {Wilkinson, A.} and {Yvon, D.} and {Zacchei, A.} and {Zonca, A.}},
	title = {Planck 2013 results. II. Low Frequency
          Instrument data processing},
	DOI= "10.1051/0004-6361/201321550",
	url= "https://doi.org/10.1051/0004-6361/201321550",
	journal = {A\&A},
	year = 2014,
	volume = 571,
	pages = "A2",
}

@article{ lfi2015,
	author = {{Planck Collaboration} and {Ade, P. A. R.} and {Aghanim, N.} and {Ashdown, M.} and {Aumont, J.} and {Baccigalupi, C.} and {Banday, A. J.} and {Barreiro, R. B.} and {Bartolo, N.} and {Battaner, E.} and {Benabed, K.} and {Benoît, A.} and {Benoit-Lévy, A.} and {Bernard, J.-P.} and {Bersanelli, M.} and {Bielewicz, P.} and {Bonaldi, A.} and {Bonavera, L.} and {Bond, J. R.} and {Borrill, J.} and {Bouchet, F. R.} and {Bucher, M.} and {Burigana, C.} and {Butler, R. C.} and {Calabrese, E.} and {Cardoso, J.-F.} and {Catalano, A.} and {Chamballu, A.} and {Chary, R.-R.} and {Christensen, P. R.} and {Colombi, S.} and {Colombo, L. P. L.} and {Crill, B. P.} and {Curto, A.} and {Cuttaia, F.} and {Danese, L.} and {Davies, R. D.} and {Davis, R. J.} and {de Bernardis, P.} and {de Rosa, A.} and {de Zotti, G.} and {Delabrouille, J.} and {Dickinson, C.} and {Diego, J. M.} and {Dole, H.} and {Donzelli, S.} and {Doré, O.} and {Douspis, M.} and {Ducout, A.} and {Dupac, X.} and {Efstathiou, G.} and {Elsner, F.} and {Enßlin, T. A.} and {Eriksen, H. K.} and {Fergusson, J.} and {Finelli, F.} and {Forni, O.} and {Frailis, M.} and {Franceschi, E.} and {Frejsel, A.} and {Galeotta, S.} and {Galli, S.} and {Ganga, K.} and {Giard, M.} and {Giraud-Héraud, Y.} and {Gjerløw, E.} and {González-Nuevo, J.} and {Górski, K. M.} and {Gratton, S.} and {Gregorio, A.} and {Gruppuso, A.} and {Hansen, F. K.} and {Hanson, D.} and {Harrison, D. L.} and {Henrot-Versillé, S.} and {Herranz, D.} and {Hildebrandt, S. R.} and {Hivon, E.} and {Hobson, M.} and {Holmes, W. A.} and {Hornstrup, A.} and {Hovest, W.} and {Huffenberger, K. M.} and {Hurier, G.} and {Jaffe, A. H.} and {Jaffe, T. R.} and {Juvela, M.} and {Keihänen, E.} and {Keskitalo, R.} and {Kiiveri, K.} and {Kisner, T. S.} and {Knoche, J.} and {Kunz, M.} and {Kurki-Suonio, H.} and {Lähteenmäki, A.} and {Lamarre, J.-M.} and {Lasenby, A.} and {Lattanzi, M.} and {Lawrence, C. R.} and {Leahy, J. P.} and {Leonardi, R.} and {Lesgourgues, J.} and {Levrier, F.} and {Liguori, M.} and {Lilje, P. B.} and {Linden-Vørnle, M.} and {Lindholm, V.} and {López-Caniego, M.} and {Lubin, P. M.} and {Macías-Pérez, J. F.} and {Maggio, G.} and {Maino, D.} and {Mandolesi, N.} and {Mangilli, A.} and {Martin, P. G.} and {Martínez-González, E.} and {Masi, S.} and {Matarrese, S.} and {Mazzotta, P.} and {McGehee, P.} and {Meinhold, P. R.} and {Melchiorri, A.} and {Mendes, L.} and {Mennella, A.} and {Migliaccio, M.} and {Mitra, S.} and {Montier, L.} and {Morgante, G.} and {Mortlock, D.} and {Moss, A.} and {Munshi, D.} and {Murphy, J. A.} and {Naselsky, P.} and {Nati, F.} and {Natoli, P.} and {Netterfield, C. B.} and {Nørgaard-Nielsen, H. U.} and {Novikov, D.} and {Novikov, I.} and {Paci, F.} and {Pagano, L.} and {Paoletti, D.} and {Partridge, B.} and {Pasian, F.} and {Patanchon, G.} and {Pearson, T. J.} and {Perdereau, O.} and {Perotto, L.} and {Perrotta, F.} and {Pettorino, V.} and {Pierpaoli, E.} and {Pietrobon, D.} and {Pointecouteau, E.} and {Polenta, G.} and {Pratt, G. W.} and {Prézeau, G.} and {Prunet, S.} and {Puget, J.-L.} and {Rachen, J. P.} and {Rebolo, R.} and {Reinecke, M.} and {Remazeilles, M.} and {Renzi, A.} and {Rocha, G.} and {Rosset, C.} and {Rossetti, M.} and {Roudier, G.} and {Rubiño-Martín, J. A.} and {Rusholme, B.} and {Sandri, M.} and {Santos, D.} and {Savelainen, M.} and {Scott, D.} and {Seiffert, M. D.} and {Shellard, E. P. S.} and {Spencer, L. D.} and {Stolyarov, V.} and {Stompor, R.} and {Sutton, D.} and {Suur-Uski, A.-S.} and {Sygnet, J.-F.} and {Tauber, J. A.} and {Terenzi, L.} and {Toffolatti, L.} and {Tomasi, M.} and {Tristram, M.} and {Tucci, M.} and {Tuovinen, J.} and {Valenziano, L.} and {Valiviita, J.} and {Van Tent, B.} and {Vassallo, T.} and {Vielva, P.} and {Villa, F.} and {Wade, L. A.} and {Wandelt, B. D.} and {Watson, R.} and {Wehus, I. K.} and {Yvon, D.} and {Zacchei, A.} and {Zonca, A.}},
	title = {Planck 2015 results - VI. LFI mapmaking},
	DOI= "10.1051/0004-6361/201525813",
	url= "https://doi.org/10.1051/0004-6361/201525813",
	journal = {A\&A},
	year = 2016,
	volume = 594,
	pages = "A6",
}

@article{ lfi2018,
	author = {{Planck Collaboration} and {Akrami, Y.} and {Argüeso, F.} and {Ashdown, M.} and {Aumont, J.} and {Baccigalupi, C.} and {Ballardini, M.} and {Banday, A. J.} and {Barreiro, R. B.} and {Bartolo, N.} and {Basak, S.} and {Benabed, K.} and {Bernard, J.-P.} and {Bersanelli, M.} and {Bielewicz, P.} and {Bonavera, L.} and {Bond, J. R.} and {Borrill, J.} and {Bouchet, F. R.} and {Boulanger, F.} and {Bucher, M.} and {Burigana, C.} and {Butler, R. C.} and {Calabrese, E.} and {Cardoso, J.-F.} and {Colombo, L. P. L.} and {Crill, B. P.} and {Cuttaia, F.} and {de Bernardis, P.} and {de Rosa, A.} and {de Zotti, G.} and {Delabrouille, J.} and {Di Valentino, E.} and {Dickinson, C.} and {Diego, J. M.} and {Donzelli, S.} and {Ducout, A.} and {Dupac, X.} and {Efstathiou, G.} and {Elsner, F.} and {Enßlin, T. A.} and {Eriksen, H. K.} and {Fantaye, Y.} and {Finelli, F.} and {Frailis, M.} and {Franceschi, E.} and {Frolov, A.} and {Galeotta, S.} and {Galli, S.} and {Ganga, K.} and {Génova-Santos, R. T.} and {Gerbino, M.} and {Ghosh, T.} and {González-Nuevo, J.} and {Górski, K. M.} and {Gratton, S.} and {Gruppuso, A.} and {Gudmundsson, J. E.} and {Handley, W.} and {Hansen, F. K.} and {Herranz, D.} and {Hivon, E.} and {Huang, Z.} and {Jaffe, A. H.} and {Jones, W. C.} and {Karakci, A.} and {Keihänen, E.} and {Keskitalo, R.} and {Kiiveri, K.} and {Kim, J.} and {Kisner, T. S.} and {Krachmalnicoff, N.} and {Kunz, M.} and {Kurki-Suonio, H.} and {Lamarre, J.-M.} and {Lasenby, A.} and {Lattanzi, M.} and {Lawrence, C. R.} and {Leahy, J. P.} and {Levrier, F.} and {Liguori, M.} and {Lilje, P. B.} and {Lindholm, V.} and {López-Caniego, M.} and {Ma, Y.-Z.} and {Macías-Pérez, J. F.} and {Maggio, G.} and {Maino, D.} and {Mandolesi, N.} and {Mangilli, A.} and {Maris, M.} and {Martin, P. G.} and {Martínez-González, E.} and {Matarrese, S.} and {Mauri, N.} and {McEwen, J. D.} and {Meinhold, P. R.} and {Melchiorri, A.} and {Mennella, A.} and {Migliaccio, M.} and {Molinari, D.} and {Montier, L.} and {Morgante, G.} and {Moss, A.} and {Natoli, P.} and {Pagano, L.} and {Paoletti, D.} and {Partridge, B.} and {Patanchon, G.} and {Patrizii, L.} and {Peel, M.} and {Perrotta, F.} and {Pettorino, V.} and {Piacentini, F.} and {Polenta, G.} and {Puget, J.-L.} and {Rachen, J. P.} and {Racine, B.} and {Reinecke, M.} and {Remazeilles, M.} and {Renzi, A.} and {Rocha, G.} and {Roudier, G.} and {Rubiño-Martín, J. A.} and {Salvati, L.} and {Sandri, M.} and {Savelainen, M.} and {Scott, D.} and {Seljebotn, D. S.} and {Sirignano, C.} and {Sirri, G.} and {Spencer, L. D.} and {Suur-Uski, A.-S.} and {Tauber, J. A.} and {Tavagnacco, D.} and {Tenti, M.} and {Terenzi, L.} and {Toffolatti, L.} and {Tomasi, M.} and {Trombetti, T.} and {Valiviita, J.} and {Vansyngel, F.} and {Van Tent, B.} and {Vielva, P.} and {Villa, F.} and {Vittorio, N.} and {Wandelt, B. D.} and {Watson, R.} and {Wehus, I. K.} and {Zacchei, A.} and {Zonca, A.}},
	title = {Planck 2018 results - II. Low Frequency Instrument data processing},
	DOI= "10.1051/0004-6361/201833293",
	url= "https://doi.org/10.1051/0004-6361/201833293",
	journal = {A\&A},
	year = 2020,
	volume = 641,
	pages = "A2",
}

@article{ planckScan,
	author = {{Dupac, X.} and {Tauber, J.}},
	title = {Scanning strategy for mapping the Cosmic Microwave Background anisotropies with Planck},
	DOI= "10.1051/0004-6361:20041526",
	url= "https://doi.org/10.1051/0004-6361:20041526",
	journal = {A\&A},
	year = 2005,
	volume = 430,
	number = 1,
	pages = "363-371",
}

@article{ artem,
	author = {{Basyrov, A.} and {Stutzer, N. O.} and {Lunde, J. G. S.} and {Eriksen, H. K.} and {Gjerløw, E.} and {Watts, D. J.} and {Wehus, I. K.}},
	title = {Optimal bolometer transfer function deconvolution for CMB experiments through maximum likelihood mapmaking},
	DOI= "10.1051/0004-6361/202450712",
	url= "https://doi.org/10.1051/0004-6361/202450712",
	journal = {A\&A},
	year = 2024,
	volume = 688,
	pages = "A166",
}